@Manual{R2020,
  title = {R: A Language and Environment for Statistical Computing},
  author = {{R Core Team}},
  organization = {R Foundation for Statistical Computing},
  address = {Vienna, Austria},
  year = {2020},
  url = {https://www.R-project.org/},
}
@Article{ape2019,
  title = {ape 5.0: an environment for modern phylogenetics and evolutionary analyses in {R}},
  author = {E. Paradis and K. Schliep},
  journal = {Bioinformatics},
  year = {2019},
  volume = {35},
  pages = {526-528},
}
@Article{hier.part2004,
  title = {Hierarchical partitioning public-domain software.},
  author = {Ralph {Mac Nally} and Christopher J Walsh},
  journal = {Biodiversity and Conservation},
  year = {2004},
  volume = {13},
  pages = {659–-660.},
  url = {https://search.proquest.com/openview/6f19c4d612b6cf75b106c479e7084a58/1},
}
@Article{spaMM2014,
  title = {Testing environmental and genetic effects in the presence of spatial autocorrelation},
  author = {François Rousset and Jean-Baptiste Ferdy},
  journal = {Ecography},
  year = {2014},
  volume = {37},
  number = {8},
  pages = {781-790},
  url = {http://dx.doi.org/10.1111/ecog.00566},
}
