@article{Fick2017,
  author = {Fick, S. E. and Hijmans, R. J.},
  title = {WorldClim 2: {New} 1‚Äêkm spatial resolution climate surfaces for global land areas},
  year = 2017,
  journal = {International Journal of Climatology},
  volume = {37},
  number = {12},
  pages = {4302--4315},
  DOI = { http://dx.doi.org/10.1002/joc.5086 }
}

@book{Legendre1998,
  author = {Legendre, P. and Legendre, L.},
  title = {Numerical Ecology, 2nd edition},
  year = 1998,
  publisher = {Elsevier},
  address = {Amsterdam, Netherlands}
}

@article{Chevan1991,
  author = {Chevan, A. and Sutherland, M.},
  title = {Hierarchical Partitioning},
  year = 1991,
  journal = {The American Statistician},
  volume = {45},
  number = {2},
  pages = {90-96},
  DOI = { http://dx.doi.org/10.1080/00031305.1991.10475776 }
}

@article{MacNally2002,
  doi = {10.1023/a:1016250716679},
  url = {https://doi.org/10.1023%2Fa%3A1016250716679},
  year = 2002,
  publisher = {Springer Science and Business Media {LLC}},
  volume = {11},
  number = {8},
  pages = {1397--1401},
  author = {Ralph {Mac Nally}},
  journal = {Biodiversity and Conservation}
}

