@Manual{,
  title = {R: A Language and Environment for Statistical Computing},
  author = {{R Core Team}},
  organization = {R Foundation for Statistical Computing},
  address = {Vienna, Austria},
  year = {2020},
  url = {https://www.R-project.org/},
}
@Article{,
  title = {The {ade4} Package: Implementing the Duality Diagram for Ecologists},
  author = {St\'ephane Dray and Anne--B\'eatrice Dufour},
  journal = {Journal of Statistical Software},
  year = {2007},
  volume = {22},
  number = {4},
  pages = {1--20},
  doi = {10.18637/jss.v022.i04},
}

@Article{,
  title = {Supervised Multiblock Analysis in {R} with the {ade4} Package},
  author = {St\'ephanie Bougeard and St\'ephane Dray},
  journal = {Journal of Statistical Software},
  year = {2018},
  volume = {86},
  number = {1},
  pages = {1--17},
  doi = {10.18637/jss.v086.i01},
}

@Article{,
  title = {The {ade4} Package -- {I}: One-Table Methods},
  author = {Daniel Chessel and Anne-B\'eatrice Dufour and Jean Thioulouse},
  journal = {R News},
  year = {2004},
  volume = {4},
  number = {1},
  pages = {5--10},
  url = {https://cran.r-project.org/doc/Rnews/},
}

@Article{,
  title = {The {ade4} Package -- {II}: Two-Table and {K}-Table Methods},
  author = {St\'ephane Dray and Anne-B\'eatrice Dufour and Daniel Chessel},
  journal = {R News},
  year = {2007},
  volume = {7},
  number = {2},
  pages = {47--52},
  url = {https://cran.r-project.org/doc/Rnews/},
}
@Manual{,
  title = {cluster: Cluster Analysis Basics and Extensions},
  author = {Martin Maechler and Peter Rousseeuw and Anja Struyf and Mia Hubert and Kurt Hornik},
  year = {2019},
  note = {R package version 2.1.0 --- For new features, see the 'Changelog' file (in the package source)},
}
